% TODO: Finalize: Unify entry styles (namely `note` fields).

@misc{bartek:proposal,
author = {Filip Bártek},
title = {Slinky conductor -- Project proposal},
month = {March},
howpublished = {\url{https://docs.google.com/document/d/159CCBGqiY_YTXpNHhwwFfreKVzGhhxEAoo1VxAkDc1A/edit?usp=sharing}},
year = {2014},
note = {(Visited on 06/13/2014)}
}

% Wikipedia:

@misc{wiki:slinky,
author = {Wikipedia},
title = {Slinky --- {Wikipedia, The Free Encyclopedia}},
howpublished = {\url{http://en.wikipedia.org/w/index.php?title=Slinky&oldid=607722123}},
year = {2014},
note = {(Visited on 06/10/2014)}
}

% BibTeX entry from URL
% Google Chrome plugin
% https://chrome.google.com/webstore/detail/bibtex-entry-from-url/mgpmgkhhbjgkpnanlmlhibjfgpdpgjec

@misc{bellis:historyofslinky,
author = {Mary Bellis},
title = {History of the {S}linky Toy - {R}ichard and {B}etty {J}ames},
howpublished = {\url{http://inventors.about.com/od/sstartinventions/a/slinky.htm}},
note = {(Visited on 06/13/2014)}
}

@misc{youtube:slinky_commercial,
title = {CLASSIC {TV} COMMERCIAL - 1960s - {S}LINKY \#3 - {YouTube}},
howpublished = {\url{http://www.youtube.com/watch?v=EZL6RGkPjws}},
note = {(Visited on 06/13/2014)}
}

@misc{youtube:tyranicslinky,
author = {tyranicslinky},
title = {Probably the Best Slinky Trick Ever - {YouTube}},
howpublished = {\url{http://www.youtube.com/watch?v=bh1Tiw6BJ6Q}},
year = 2009,
note = {(Visited on 06/16/2014)}
}

@misc{poof:slinky,
author = "POOF-Slinky",
title = {3pk Original Metal {S}linky®},
howpublished = {\url{http://poof-slinky.com/product/3pk-original-metal-slinky/?pcat_id=301}},
note = {(Visited on 06/13/2014)}
}

@misc{tojeto:slinky,
author = {TojeTo},
title = {Slinky - Mavrična plastična vzmet},
howpublished = {\url{http://www.tojeto.info/spletna-trgovina-nakup/slinky-mavricna-plasticna-vzmet/}},
note = {(Visited on 06/14/2014)}
}

@misc{filiboja:slnkcctr,
author = {Filip Bártek and Bojana Todorović},
title = {filiboja/slnkcctr},
howpublished = {\url{https://github.com/filiboja/slnkcctr}},
year = {2014},
note = {(Visited on 06/14/2014)}
}

@misc{bartek:slnkcctrreadme,
author = {Filip Bártek},
title = {{slnkcctr/README.md}},
howpublished = {\url{https://github.com/filiboja/slnkcctr/blob/master/README.md}},
year = {2014},
note = {(Visited on 06/16/2014)}
}

@misc{opencv:about,
author = {Itseez},
title = {ABOUT | {OpenCV}},
howpublished = {\url{http://opencv.org/about.html}},
note = {(Visited on 06/16/2014)}
}


@misc{sfml:SFML,
author = {SFML},
title = {SFML},
howpublished = {\url{http://www.sfml-dev.org}},
year = {2014},
note = {(Visited on 06/13/2014)}
}

@misc{Tutorial:Play_Sine_Wave,
author = {LaurentGomila},
title = {Tutorial: Play Sine Wave},
howpublished = {\url{https://github.com/LaurentGomila/SFML/wiki/Tutorial:-Play-Sine-Wave}},
year = {2013},
note = {(Visited on 06/14/2014)}
}
